<collection xmlns="http://www.loc.gov/MARC21/slim">
<record>
  <leader>01351nam0a22002651i 450 </leader>
  <controlfield tag="001">IT\ICCU\CNCE\072141</controlfield>
  <controlfield tag="005">20200418000000.0</controlfield>
  <datafield tag="012" ind1=" " ind2=" ">
    <subfield code="a">lele a.on tolo Alco (C) 1549 (Q)</subfield>
    <subfield code="2">fei</subfield>
  </datafield>
  <datafield tag="100" ind1=" " ind2=" ">
    <subfield code="a">20071205f1549        0itac0103    ba</subfield>
  </datafield>
  <datafield tag="101" ind1=" " ind2=" ">
    <subfield code="a">ITA</subfield>
  </datafield>
  <datafield tag="102" ind1=" " ind2=" ">
    <subfield code="a">CH</subfield>
  </datafield>
  <datafield tag="200" ind1="1" ind2=" ">
    <subfield code="a">Della afflitione et persecutione fatta sopra la citt ̉di Capodistria</subfield>
  </datafield>
  <datafield tag="210" ind1=" " ind2=" ">
    <subfield code="d">\1549!</subfield>
  </datafield>
  <datafield tag="215" ind1=" " ind2=" ">
    <subfield code="a">\28! c.</subfield>
    <subfield code="d">8ʻ</subfield>
  </datafield>
  <datafield tag="300" ind1=" " ind2=" ">
    <subfield code="a">Stampata a Poschiavo da Dolfino Landolfi; per l&apos;autore, il tipografo e la data cfr.: R. A. Pierce, Pier Paolo Vergerio the propagandist, p. 231. - In calce al testo: Di Duosolo, alli xxij di aprile nel MDXLIX</subfield>
  </datafield>
  <datafield tag="620" ind1=" " ind2=" ">
    <subfield code="a">CH</subfield>
    <subfield code="d">Poschiavo</subfield>
  </datafield>
  <datafield tag="700" ind1=" " ind2="1">
    <subfield code="a">Vergerio,</subfield>
    <subfield code="b">Pietro Paolo</subfield>
    <subfield code="c"> &lt;il giovane&gt;</subfield>
    <subfield code="3">IT\ICCU\CNCA\000160</subfield>
  </datafield>
  <datafield tag="712" ind1="0" ind2="0">
    <subfield code="a">Landolfi, Dolfino</subfield>
    <subfield code="3">IT\ICCU\CNCT\003297</subfield>
    <subfield code="4">650</subfield>
  </datafield>
  <datafield tag="790" ind1=" " ind2="1">
    <subfield code="a">Vergerius,</subfield>
    <subfield code="b">Petrus Paulus</subfield>
    <subfield code="c"> &lt;il giovane&gt;</subfield>
    <subfield code="3">IT\ICCU\CNCA\024758</subfield>
    <subfield code="z">Vergerio, Pietro Paolo &lt;il giovane&gt;</subfield>
  </datafield>
  <datafield tag="790" ind1=" " ind2="0">
    <subfield code="a">Atanasio</subfield>
    <subfield code="c"> &lt;1498-1565&gt;</subfield>
    <subfield code="3">IT\ICCU\CNCA\027141</subfield>
    <subfield code="z">Vergerio, Pietro Paolo &lt;il giovane&gt;</subfield>
  </datafield>
  <datafield tag="790" ind1=" " ind2="1">
    <subfield code="a">Rasoro,</subfield>
    <subfield code="b">Ludovico</subfield>
    <subfield code="3">IT\ICCU\CNCA\027745</subfield>
    <subfield code="z">Vergerio, Pietro Paolo &lt;il giovane&gt;</subfield>
  </datafield>
  <datafield tag="790" ind1=" " ind2="1">
    <subfield code="a">Bonini,</subfield>
    <subfield code="b">Bonino de</subfield>
    <subfield code="3">IT\ICCU\CNCA\028764</subfield>
    <subfield code="z">Vergerio, Pietro Paolo &lt;il giovane&gt;</subfield>
  </datafield>
  <datafield tag="791" ind1="0" ind2="0">
    <subfield code="a">Landolfo, Dolfino</subfield>
    <subfield code="3">IT\ICCU\CNCT\004904</subfield>
    <subfield code="z">Landolfi, Dolfino</subfield>
  </datafield>
  <datafield tag="801" ind1=" " ind2="3">
    <subfield code="a">IT</subfield>
    <subfield code="b">ICCU</subfield>
    <subfield code="c">20201115</subfield>
  </datafield>
  <datafield tag="899" ind1=" " ind2=" ">
    <subfield code="a">Biblioteca estera - sterreichische Nationalbibliothek. Wien</subfield>
    <subfield code="1">AA0010</subfield>
  </datafield>
</record>
</collection>
